@inproceedings{moh06,
author = {Mohebifar, Amin},
title = {New Binary Representation in Genetic Algorithms for Solving TSP by Mapping Permutations to a List of Ordered Numbers},
year = {2006},
isbn = {9608457564},
publisher = {World Scientific and Engineering Academy and Society (WSEAS)},
address = {Stevens Point, Wisconsin, USA},
booktitle = {Proceedings of the 5th WSEAS International Conference on Computational Intelligence, Man-Machine Systems and Cybernetics},
pages = {363–367},
numpages = {5},
keywords = {traveling salesman problem, vector representation, binary representation, genetic algorithms, matrix representation},
location = {Venice, Italy},
series = {CIMMACS’06}
}
  
